@article{hinton2012deep,
  title={Deep neural networks for acoustic modeling in speech recognition: The shared views of four research groups},
  author={Hinton, Geoffrey and Deng, Li and Yu, Dong and Dahl, George E and Mohamed, Abdel-rahman and Jaitly, Navdeep and Senior, Andrew and Vanhoucke, Vincent and Nguyen, Patrick and Sainath, Tara N and others},
  journal={IEEE Signal Processing Magazine},
  volume={29},
  number={6},
  pages={82--97},
  year={2012},
}